<record><leader>00000cas a22000007a 4500</leader><controlfield tag="001">19817256</controlfield><controlfield tag="008">890605d18851886mouwr ne      0    0eng d</controlfield><datafield ind1=" " ind2=" " tag="010"><subfield code="a">sn 89066365 </subfield></datafield><datafield ind1=" " ind2=" " tag="040"><subfield code="a">MQN</subfield><subfield code="b">eng</subfield><subfield code="c">MQN</subfield><subfield code="d">OCLCQ</subfield></datafield><datafield ind1=" " ind2=" " tag="042"><subfield code="a">msc</subfield></datafield><datafield ind1="0" ind2="4" tag="245"><subfield code="a">The Trenton republican-star.</subfield></datafield><datafield ind1=" " ind2=" " tag="260"><subfield code="a">Trenton, Grundy County, Mo. :</subfield><subfield code="b">W.B. Rogers,</subfield><subfield code="c">1885-1886.</subfield></datafield><datafield ind1=" " ind2=" " tag="300"><subfield code="a">v.</subfield></datafield><datafield ind1=" " ind2=" " tag="310"><subfield code="a">Weekly</subfield></datafield><datafield ind1="0" ind2=" " tag="362"><subfield code="a">Vol. 21, no. 13 (Feb. 26, 1885)-v. 22, no. 22 (May 6, 1886).</subfield></datafield><datafield ind1=" " ind2=" " tag="752"><subfield code="a">United States</subfield><subfield code="b">Missouri</subfield><subfield code="c">Grundy</subfield><subfield code="d">Trenton.</subfield></datafield><datafield ind1="0" ind2=" " tag="775"><subfield code="t">Daily evening republican-star</subfield><subfield code="w">(DLC)sn 89066354</subfield></datafield><datafield ind1="0" ind2="4" tag="780"><subfield code="t">Trenton republican (Trenton, Mo. : 1872)</subfield><subfield code="w">(DLC)sn 85034149</subfield></datafield><datafield ind1="0" ind2="4" tag="780"><subfield code="t">Trenton star (Trenton, Mo. : Weekly)</subfield></datafield><datafield ind1="0" ind2="0" tag="785"><subfield code="t">Trenton weekly republican</subfield><subfield code="w">(DLC)sn 89066366</subfield></datafield></record>